@ARTICLE{ChChr,
	author = {C. Christov},
	title = {An energy-consistent dispersive shallow-water model},
	journal = {Wave Motion},
	year = {2001},
	volume = {34},
	pages = {161-174}
}
